<?xml version="1.0" encoding="UTF-8"?><collection xmlns="http://www.loc.gov/MARC21/slim"><record><leader>00548nam--2200169-i-4500</leader><controlfield tag="001">000009311</controlfield><controlfield tag="002">20161230</controlfield><controlfield tag="005">20170207000242</controlfield><controlfield tag="008">060222s1000------------r-----000-0-eng-d</controlfield><datafield ind1=" " ind2=" " tag="080"><subfield code="a">539.125.5.162.5.08:614.876</subfield></datafield><datafield ind1=" " ind2=" " tag="100"><subfield code="a">Adams, N</subfield></datafield><datafield ind1=" " ind2=" " tag="245"><subfield code="a">An improved method of fast neutron dose assessment from the aere criticality dosemeter and the activation of body sodium</subfield></datafield><datafield ind1=" " ind2=" " tag="260"><subfield code="a">Harwell</subfield><subfield code="b">United Kingdom Atomic Energy Authority</subfield><subfield code="c">1970</subfield></datafield><datafield ind1=" " ind2=" " tag="300"><subfield code="a">14 p. 3 Figuri</subfield></datafield><datafield ind1=" " ind2=" " tag="490"><subfield code="a">Aere (Rp) R</subfield><subfield code="v">100</subfield></datafield><datafield ind1=" " ind2=" " tag="852"><subfield code="a">32934</subfield></datafield><datafield ind1=" " ind2=" " tag="CAT"><subfield code="a">SYS</subfield><subfield code="c">20170207</subfield><subfield code="h">000242</subfield></datafield></record></collection>